# ---- ROBOT TEAM PAPERS -------------------------------------------------------------------------------------
@article{robot-team-1,
  title={Autonomous learning of new environments with a robotic team employing hyper-spectral remote sensing, comprehensive in-situ sensing and machine learning},
  author={Lary, David J and Schaefer, David and Waczak, John and Aker, Adam and Barbosa, Aaron and Wijeratne, Lakitha OH and Talebi, Shawhin and Fernando, Bharana and Sadler, John and Lary, Tatiana and others},
  journal={Sensors},
  volume={21},
  number={6},
  pages={2240},
  year={2021},
  publisher={MDPI}
}

@article{robot-team-2,
  title={Characterizing Water Composition with an Autonomous Robotic Team Employing Comprehensive In-Situ Sensing, Hyperspectral Imaging, Machine Learning, and Conformal Prediction},
  author={Waczak, John and Aker, Adam and Wijeratne, Lakitha OH and Talebi, Shawhin and Fernando, Bharana and Hathurusinghe, Prabuddha and Iqbal, Mazhar and Schaefer, David and Lary, David J},
  year={2024},
  publisher={Preprints}
}

# ---- DRONE PAPERS --------------------------------------------------------------------------------------

# ---- HSI PAPERS ----------------------------------------------------------------------------------------

# ---- SPECTRAL UNMIXING PAPERS---------------------------------------------------------------------------

# ---- GTM PAPERS-------------------------------------------------------------------------------------

# ---- NS3 PAPERS-------------------------------------------------------------------------------------
